<?xml version="1.0" encoding="UTF-8"?>
<Document xmlns="urn:iso:std:iso:20022:tech:xsd:pain.001.001.03">
	<CstmrCdtTrfInitn>
		<GrpHdr>
			<MsgId>message-id-001</MsgId>
			<CreDtTm>2010-09-28T14:07:00</CreDtTm>
			<NbOfTxs>1</NbOfTxs>
			<CtrlSum>10.1</CtrlSum>
			<InitgPty>
				<Nm>Bedrijfsnaam</Nm>
				<Id>
					<OrgId>
						<Othr>
							<Id>123456789123456</Id>
						</Othr>
					</OrgId>
				</Id>
			</InitgPty>
		</GrpHdr>
		<PmtInf>
			<PmtInfId>minimaal gevuld</PmtInfId>
			<PmtMtd>TRF</PmtMtd>
			<NbOfTxs>1</NbOfTxs>
			<CtrlSum>10.1</CtrlSum>
			<ReqdExctnDt>2009-11-01</ReqdExctnDt>
			<Dbtr>
				<Nm>Naam</Nm>
			</Dbtr>
			<DbtrAcct>
				<Id>
					<IBAN>NL44RABO0123456789</IBAN>
				</Id>
			</DbtrAcct>
			<DbtrAgt>
				<FinInstnId>
					<BIC>RABONL2U</BIC>
				</FinInstnId>
			</DbtrAgt>
			<CdtTrfTxInf>
				<PmtId>
					<EndToEndId>non ref</EndToEndId>
				</PmtId>
				<Amt>
					<InstdAmt Ccy="EUR">10.1</InstdAmt>
				</Amt>
				<ChrgBr>SLEV</ChrgBr>
				<CdtrAgt>
					<FinInstnId>
						<BIC>ABNANL2A</BIC>
					</FinInstnId>
				</CdtrAgt>
				<Cdtr>
					<Nm>Naam creditor</Nm>
				</Cdtr>
				<CdtrAcct>
					<Id>
						<IBAN>NL90ABNA0111111111</IBAN>
					</Id>
				</CdtrAcct>
				<RmtInf>
					<Ustrd>vrije tekst</Ustrd>
				</RmtInf>
			</CdtTrfTxInf>
		</PmtInf>
		<PmtInf>
			<PmtInfId>maximaal gevuld</PmtInfId>
			<PmtMtd>TRF</PmtMtd>
			<BtchBookg>true</BtchBookg>
			<NbOfTxs>1</NbOfTxs>
			<CtrlSum>20.2</CtrlSum>
			<PmtTpInf>
				<InstrPrty>NORM</InstrPrty>
				<SvcLvl>
					<Cd>SEPA</Cd>
				</SvcLvl>
				<LclInstrm>
					<Cd>IDEAL</Cd>
				</LclInstrm>
				<CtgyPurp>
					<Cd>SECU</Cd>
				</CtgyPurp>
			</PmtTpInf>
			<ReqdExctnDt>2009-11-01</ReqdExctnDt>
			<Dbtr>
				<Nm>Naam</Nm>
				<PstlAdr>
					<Ctry>NL</Ctry>
					<AdrLine>Debtor straat 1</AdrLine>
					<AdrLine>9999 XX Plaats debtor</AdrLine>
				</PstlAdr>
			</Dbtr>
			<DbtrAcct>
				<Id>
					<IBAN>NL44RABO0123456789</IBAN>
				</Id>
			</DbtrAcct>
			<DbtrAgt>
				<FinInstnId>
					<BIC>RABONL2U</BIC>
				</FinInstnId>
			</DbtrAgt>
			<UltmtDbtr>
				<Id>
					<OrgId>
						<Othr>
							<Id>12345678</Id>
							<SchmeNm>
								<Prtry>klantnummer</Prtry>
							</SchmeNm>
							<Issr>klantnummer uitgifte instantie</Issr>
						</Othr>
					</OrgId>
				</Id>
			</UltmtDbtr>
			<ChrgBr>SLEV</ChrgBr>
			<CdtTrfTxInf>
				<PmtId>
					<InstrId>debtor-to-debtor-bank-01</InstrId>
					<EndToEndId>End-to-end-id-debtor-to-creditor-01</EndToEndId>
				</PmtId>
				<Amt>
					<InstdAmt Ccy="EUR">20.2</InstdAmt>
				</Amt>
				<CdtrAgt>
					<FinInstnId>
						<BIC>ABNANL2A</BIC>
					</FinInstnId>
				</CdtrAgt>
				<Cdtr>
					<Nm>Naam creditor</Nm>
					<PstlAdr>
						<Ctry>NL</Ctry>
						<AdrLine>Straat creditor 1</AdrLine>
						<AdrLine>9999 XX Plaats creditor</AdrLine>
					</PstlAdr>
				</Cdtr>
				<CdtrAcct>
					<Id>
						<IBAN>NL90ABNA0111111111</IBAN>
					</Id>
				</CdtrAcct>
				<UltmtCdtr>
					<Id>
						<PrvtId>
							<DtAndPlcOfBirth>
								<BirthDt>1969-07-03</BirthDt>
								<CityOfBirth>PLAATS</CityOfBirth>
								<CtryOfBirth>NL</CtryOfBirth>
							</DtAndPlcOfBirth>
						</PrvtId>
					</Id>
				</UltmtCdtr>
				<Purp>
					<Cd>CHAR</Cd>
				</Purp>
				<RmtInf>
					<Strd>
						<CdtrRefInf>
							<Tp>
								<CdOrPrtry>
									<Cd>SCOR</Cd>
								</CdOrPrtry>
								<Issr>CUR</Issr>
							</Tp>
							<Ref>1234567</Ref>
						</CdtrRefInf>
					</Strd>
				</RmtInf>
			</CdtTrfTxInf>
		</PmtInf>
	</CstmrCdtTrfInitn>
</Document>
